@misc{alsa,
author={{ALSA Team}},
howpublished={\url{http://www.alsa-project.org}},
note={Acessado em~\today},
title={{Advanced Linux Sound Architecture (ALSA) Project Homepage}},
}
@misc{gstreamer,
author={{GStreamer Developers}},
howpublished={\url{http://gstreamer.freedesktop.org}},
note={Acessado em~\today},
title={{GStreamer}: {Open} Source Multimedia Framework},
}
@misc{gstreamer-apps,
author={{GStreamer Developers}},
howpublished={\url{https://gstreamer.freedesktop.org/apps/}},
note={Acessado em~\today},
title={{GStreamer} applications},
}
@techreport{ogg-rfc-3533,
author={S.~Pfeiffer},
howpublished={Internet Requests for Comments},
institution={RFC Editor},
issn={2070-1721},
month={May},
number={3533},
publisher={RFC Editor},
title={The {Ogg} Encapsulation Format Version~0},
type={RFC},
year={2003},
}
@techreport{theora,
author={{Xiph.Org Foundation}},
type={Xiph.Org Specification},
month={March},
title={Theora Specification},
url={https://www.xiph.org/vorbis/doc/Vorbis_I_spec.pdf},
year={2011},
}
@techreport{vorbis,
author={{Xiph.Org Foundation}},
type={Xiph.Org Specification},
month={February},
title={Vorbs~{I} Specification},
url={https://www.xiph.org/vorbis/doc/Vorbis_I_spec.pdf},
year={2015},
}
@misc{x11,
author={{X.Org Foundation}},
howpublished={\url{http://www.x.org}},
note={Acessado em~\today},
title={{X.Org}},
}
@article{Amatriain-X-2008,
address={Heidelberg, Germany},
author={Xavier Amatriain and Pau Arumi and David Garcia},
doi={10.1007/s00530-007-0109-6},
issn={0942-4962},
journal={Multimedia Systems},
language={English},
number={1},
pages={15--32},
publisher={Springer-Verlag},
registered={2014-11-18, Rio},
title={A framework for efficient and rapid development of cross-platform audio applications},
url={http://dx.doi.org/10.1007/s00530-007-0109-6},
volume={14},
year={2008},
}
@article{Chatterjee-A-1997,
address={White Plains, NY, USA},
author={Amit Chatterjee and Andrew Maltz},
doi={10.5594/J17160},
journal={SMPTE Motion Imaging Journal},
number={12},
pages={865--871},
publisher={Society of Motion Picture and Television Engineers, Inc.},
registered={2014-11-17, Rio},
title={Microsoft {DirectShow}: {A} New Media Architecture},
url={http://dx.doi.org/10.5594/J17160},
volume={106},
year={1997},
}
@inproceedings{Kahn-G-1977,
address={Amsterdam, The Netherlands},
author={Gilles Kahn and David B.~MacQueen},
booktitle={Proceedings of IFIP Congress~77, Toronto, Canada, 8--12~August, 1977},
editor={Bruce Gilchrist},
isbn={0-7204-0755-9},
location={Toronto, Canada},
pages={993--998},
publisher={North-Holland Publishing Company},
registered={2014-11-14, Rio},
title={Coroutines and Networks of Parallel Processes},
url={http://pdf.aminer.org/000/376/659/coroutines_and_networks_of_parallel_processes.pdf},
year={1977},
}
@book{Kernighan-B-W-1988,
address={Upper Saddle River, NJ, USA},
author={Brian W.~Kernighan and Dennis M.~Ritchie},
edition={2nd},
isbn={0-13-110362-8},
publisher={Prentice Hall PTR},
registered={2014-11-17, Rio},
title={The {C} Programming Language},
url={http://dl.acm.org/citation.cfm?id=576122},
year={1988},
}
@article{Lee-E-A-1995,
address={New York, NY, USA},
author={Edward A.~Lee and Thomas M.~Parks},
doi={10.1109/5.381846},
issn={0018-9219},
journal={Proceedings of the IEEE},
month={May},
number={5},
pages={773--801},
publisher={IEEE},
registered={2014-11-17, Rio},
title={Dataflow Process Networks},
url={http://dx.doi.org/10.1109/5.381846},
volume={83},
year={1995},
}
@incollection{Orlarey-Y-2009,
address={Sampzon, France},
author={Yann Orlarey and Dominique Fober and Stephane Letz},
booktitle={New Computational Paradigms for Computer Music},
editor={Gérard Assayag and Andrew Gerzso},
isbn={9782752100542},
numpages={186},
publisher={Éditions Delatour Paris},
registered={2014-11-18, Rio},
title={{FAUST}: {An} Efficient Functional Approach to {DSP} Programming},
url={http://www.grame.fr/ressources/publications/faust-chapter.pdf},
year={2009},
}
@book{Puckette-M-S-2007,
address={Singapore},
author={Miller S.~Puckette},
isbn={978-981-270-077-3},
publisher={World Scientific Publishing Company},
registered={2015-06-29, Rio},
title={The Theory and Technique of Electronic Music},
url={http://www.worldscientific.com/worldscibooks/10.1142/6277},
year={2007},
}
@inproceedings{Wang-G-2003,
address={San Francisco, CA, USA},
author={Ge Wang and Perry R.~Cook},
booktitle={Proceedings of the~2003 International Computer Music Conference, Singapore, 29~September--4~October, 2003},
location={Singapore},
pages={219--226},
publisher={International Computer Music Association},
registered={2014-11-18, Rio},
title={{ChucK}: {A} Concurrent, On-the-fly, Audio Programming Language},
url={http://soundlab.cs.princeton.edu/publications/chuck_icmc2003.pdf},
year={2003},
}
@article{Yviquel-H-2014,
address={New York, NY, USA},
author={Hervé Yviquel and Alexandre Sanchez and Pekka Jääskeläinen and Jarmo Takala and Mickaël Raulet and Emmanuel Casseau},
doi={10.1007/s11265-014-0953-5},
issn={1939-8018},
journal={Journal of Signal Processing Systems},
number={1},
pages={121--136},
publisher={Springer New York},
registered={2015-06-29, Rio},
title={Embedded Multi-Core Systems Dedicated to Dynamic Dataflow Programs},
url={http://dx.doi.org/10.1007/s11265-014-0953-5},
volume={80},
year={2015},
}
